% Praising GANs

@inproceedings{Goodfellow2014GenerativeAN,
    author = {Goodfellow, Ian J. and Pouget-Abadie, Jean and Mirza, Mehdi and Xu, Bing and Warde-Farley, David and Ozair, Sherjil and Courville, Aaron and Bengio, Yoshua},
    title = {Generative Adversarial Nets},
    year = {2014},
    publisher = {MIT Press},
    address = {Cambridge, MA, USA},
    booktitle = {Proceedings of the 27th International Conference on Neural Information Processing Systems - Volume 2},
    pages = {2672–2680},
    numpages = {9},
    location = {Montreal, Canada},
    series = {NIPS’14}
}

@inproceedings{wang2018pix2pixHD,
  title={High-Resolution Image Synthesis and Semantic Manipulation with Conditional GANs},
  author={Ting-Chun Wang and Ming-Yu Liu and Jun-Yan Zhu and Andrew Tao and Jan Kautz and Bryan Catanzaro},  
  booktitle={Proceedings of the IEEE Conference on Computer Vision and Pattern Recognition},
  year={2018}
}

@inproceedings{park2019semantic,
  title={Semantic image synthesis with spatially-adaptive normalization},
  author={Park, Taesung and Liu, Ming-Yu and Wang, Ting-Chun and Zhu, Jun-Yan},
  booktitle={Proceedings of the IEEE/CVF Conference on Computer Vision and Pattern Recognition},
  pages={2337--2346},
  year={2019}
}

@inproceedings{isola2017image,
  title={Image-to-image translation with conditional adversarial networks},
  author={Isola, Phillip and Zhu, Jun-Yan and Zhou, Tinghui and Efros, Alexei A},
  booktitle={Proceedings of the IEEE conference on computer vision and pattern recognition},
  pages={1125--1134},
  year={2017}
}

@article{park2020swapping,
  title={Swapping autoencoder for deep image manipulation},
  author={Park, Taesung and Zhu, Jun-Yan and Wang, Oliver and Lu, Jingwan and Shechtman, Eli and Efros, Alexei A and Zhang, Richard},
  journal={arXiv preprint arXiv:2007.00653},
  year={2020}
}

@article{nitzan2021large,
  title={LARGE: Latent-Based Regression through GAN Semantics},
  author={Nitzan, Yotam and Gal, Rinon and Brenner, Ofir and Cohen-Or, Daniel},
  journal={arXiv preprint arXiv:2107.11186},
  year={2021}
}

@inproceedings{xu2021generative,
  title={Generative hierarchical features from synthesizing images},
  author={Xu, Yinghao and Shen, Yujun and Zhu, Jiapeng and Yang, Ceyuan and Zhou, Bolei},
  booktitle={Proceedings of the IEEE/CVF Conference on Computer Vision and Pattern Recognition},
  pages={4432--4442},
  year={2021}
}

@misc{lang2021explaining,
      title={Explaining in Style: Training a GAN to explain a classifier in StyleSpace}, 
      author={Oran Lang and Yossi Gandelsman and Michal Yarom and Yoav Wald and Gal Elidan and Avinatan Hassidim and William T. Freeman and Phillip Isola and Amir Globerson and Michal Irani and Inbar Mosseri},
      year={2021},
      eprint={2104.13369},
      archivePrefix={arXiv},
      primaryClass={cs.CV}
}

@inproceedings{karras2019style,
  title={A style-based generator architecture for generative adversarial networks},
  author={Karras, Tero and Laine, Samuli and Aila, Timo},
  booktitle={Proceedings of the IEEE conference on computer vision and pattern recognition},
  pages={4401--4410},
  year={2019}
}

@inproceedings{karras2020analyzing,
  title={Analyzing and improving the image quality of stylegan},
  author={Karras, Tero and Laine, Samuli and Aittala, Miika and Hellsten, Janne and Lehtinen, Jaakko and Aila, Timo},
  booktitle={Proceedings of the IEEE/CVF Conference on Computer Vision and Pattern Recognition},
  pages={8110--8119},
  year={2020}
}

@misc{karras2020training,
      title={Training Generative Adversarial Networks with Limited Data}, 
      author={Tero Karras and Miika Aittala and Janne Hellsten and Samuli Laine and Jaakko Lehtinen and Timo Aila},
      year={2020},
      eprint={2006.06676},
      archivePrefix={arXiv},
      primaryClass={cs.CV}
}

@article{karras2017progressive,
  title={Progressive growing of gans for improved quality, stability, and variation},
  author={Karras, Tero and Aila, Timo and Laine, Samuli and Lehtinen, Jaakko},
  journal={arXiv preprint arXiv:1710.10196},
  year={2017}
}


@article{brock2018large,
  title={Large scale GAN training for high fidelity natural image synthesis},
  author={Brock, Andrew and Donahue, Jeff and Simonyan, Karen},
  journal={arXiv preprint arXiv:1809.11096},
  year={2018}
}

@article{swagan2021gal,
author = {Gal, Rinon and Hochberg, Dana Cohen and Bermano, Amit and Cohen-Or, Daniel},
title = {SWAGAN: A Style-Based Wavelet-Driven Generative Model},
year = {2021},
issue_date = {August 2021},
publisher = {Association for Computing Machinery},
address = {New York, NY, USA},
volume = {40},
number = {4},
issn = {0730-0301},
url = {https://doi.org/10.1145/3450626.3459836},
doi = {10.1145/3450626.3459836}
}

@article{aliasfreeKarras2021,
  author = {Tero Karras and Miika Aittala and Samuli Laine and Erik H\"{a}rk\"{o}nen and Janne Hellsten and Jaakko Lehtinen and Timo Aila},
  journal = {CoRR},
  title = {Alias-Free Generative Adversarial Networks},
  volume = {abs/2106.12423},
  year = {2021}
}

% Editing

@inproceedings{wu2021stylespace,
  title={Stylespace analysis: Disentangled controls for stylegan image generation},
  author={Wu, Zongze and Lischinski, Dani and Shechtman, Eli},
  booktitle={Proceedings of the IEEE/CVF Conference on Computer Vision and Pattern Recognition},
  pages={12863--12872},
  year={2021}
}

@article{harkonen2020ganspace,
  title={GANSpace: Discovering Interpretable GAN Controls},
  author={H{\"a}rk{\"o}nen, Erik and Hertzmann, Aaron and Lehtinen, Jaakko and Paris, Sylvain},
  journal={arXiv preprint arXiv:2004.02546},
  year={2020}
}

@inproceedings{shen2020interpreting,
  title={Interpreting the latent space of gans for semantic face editing},
  author={Shen, Yujun and Gu, Jinjin and Tang, Xiaoou and Zhou, Bolei},
  booktitle={Proceedings of the IEEE/CVF Conference on Computer Vision and Pattern Recognition},
  pages={9243--9252},
  year={2020}
}

@misc{patashnik2021styleclip,
      title={StyleCLIP: Text-Driven Manipulation of StyleGAN Imagery}, 
      author={Or Patashnik and Zongze Wu and Eli Shechtman and Daniel Cohen-Or and Dani Lischinski},
      year={2021},
      eprint={2103.17249},
      archivePrefix={arXiv},
      primaryClass={cs.CV}
}

@misc{abdal2020styleflow,
      title={StyleFlow: Attribute-conditioned Exploration of StyleGAN-Generated Images using Conditional Continuous Normalizing Flows}, 
      author={Rameen Abdal and Peihao Zhu and Niloy Mitra and Peter Wonka},
      year={2020},
      eprint={2008.02401},
      archivePrefix={arXiv},
      primaryClass={cs.CV}
}

@inproceedings{zhu2016generative,
  title={Generative visual manipulation on the natural image manifold},
  author={Zhu, Jun-Yan and Kr{\"a}henb{\"u}hl, Philipp and Shechtman, Eli and Efros, Alexei A},
  booktitle={European conference on computer vision},
  pages={597--613},
  year={2016},
  organization={Springer}
}

@article{semantic2019bau,
author = {Bau, David and Strobelt, Hendrik and Peebles, William and Wulff, Jonas and Zhou, Bolei and Zhu, Jun-Yan and Torralba, Antonio},
title = {Semantic Photo Manipulation with a Generative Image Prior},
year = {2019},
issue_date = {July 2019},
publisher = {Association for Computing Machinery},
address = {New York, NY, USA},
volume = {38},
number = {4},
issn = {0730-0301},
url = {https://doi.org/10.1145/3306346.3323023},
doi = {10.1145/3306346.3323023}
}

@article{shen2020closedform,
  title   = {Closed-Form Factorization of Latent Semantics in GANs},
  author  = {Shen, Yujun and Zhou, Bolei},
  journal = {arXiv preprint arXiv:2007.06600},
  year    = {2020}
}

@inproceedings{wang2021one,
  title={One-shot free-view neural talking-head synthesis for video conferencing},
  author={Wang, Ting-Chun and Mallya, Arun and Liu, Ming-Yu},
  booktitle={Proceedings of the IEEE/CVF Conference on Computer Vision and Pattern Recognition},
  pages={10039--10049},
  year={2021}
}

@article{alaluf2021matter,
    author = {Alaluf, Yuval and Patashnik, Or and Cohen-Or, Daniel},
    title = {Only a Matter of Style: Age Transformation Using a Style-Based Regression Model},
    journal = {ACM Trans. Graph.},
    issue_date = {August 2021},
    volume = {40},
    number = {4},
    year = {2021},
    articleno = {45},
    publisher = {Association for Computing Machinery},
    url = {https://doi.org/10.1145/3450626.3459805}
}

@article{Lewis2021TryOnGANBT,
  title={TryOnGAN: body-aware try-on via layered interpolation},
  author={Kathleen M. Lewis and Srivatsan Varadharajan and Ira Kemelmacher-Shlizerman},
  journal={ACM Trans. Graph.},
  year={2021},
  volume={40},
  pages={115:1-115:10}
}

@article{Collins2020EditingIS,
  title={Editing in Style: Uncovering the Local Semantics of GANs},
  author={Edo Collins and R. Bala and B. Price and S. S{\"u}sstrunk},
  journal={2020 IEEE/CVF Conference on Computer Vision and Pattern Recognition (CVPR)},
  year={2020},
  pages={5770-5779}
}

@misc{kang2021gan,
      title={GAN Inversion for Out-of-Range Images with Geometric Transformations}, 
      author={Kyoungkook Kang and Seongtae Kim and Sunghyun Cho},
      year={2021},
      eprint={2108.08998},
      archivePrefix={arXiv},
      primaryClass={cs.CV}
}

@inproceedings{lin2021anycost,
  title={Anycost gans for interactive image synthesis and editing},
  author={Lin, Ji and Zhang, Richard and Ganz, Frieder and Han, Song and Zhu, Jun-Yan},
  booktitle={Proceedings of the IEEE/CVF Conference on Computer Vision and Pattern Recognition},
  pages={14986--14996},
  year={2021}
}

% Inversion

@inproceedings{richardson2020encoding,
  title={Encoding in Style: a StyleGAN Encoder for Image-to-Image Translation},
  author={Elad Richardson and Yuval Alaluf and Or Patashnik and Yotam Nitzan and Yaniv Azar and Stav Shapiro and Daniel Cohen-Or},
  booktitle={Proceedings of the IEEE/CVF Conference on Computer Vision and Pattern Recognition},
  year={2021}
}

@misc{zhu2020improved,
      title={Improved StyleGAN Embedding: Where are the Good Latents?}, 
      author={Peihao Zhu and Rameen Abdal and Yipeng Qin and Peter Wonka},
      year={2020},
      eprint={2012.09036},
      archivePrefix={arXiv},
      primaryClass={cs.CV}
}

@inproceedings{abdal2019image2stylegan,
  title={Image2stylegan: How to embed images into the stylegan latent space?},
  author={Abdal, Rameen and Qin, Yipeng and Wonka, Peter},
  booktitle={Proceedings of the IEEE international conference on computer vision},
  pages={4432--4441},
  year={2019}
}

@inproceedings{abdal2020image2stylegan++,
  title={Image2StyleGAN++: How to Edit the Embedded Images?},
  author={Abdal, Rameen and Qin, Yipeng and Wonka, Peter},
  booktitle={Proceedings of the IEEE/CVF Conference on Computer Vision and Pattern Recognition},
  pages={8296--8305},
  year={2020}
}

@article{lipton2017precise,
  title={Precise recovery of latent vectors from generative adversarial networks},
  author={Lipton, Zachary C and Tripathi, Subarna},
  journal={arXiv preprint arXiv:1702.04782},
  year={2017}
}

@article{creswell2018inverting,
  title={Inverting the generator of a generative adversarial network},
  author={Creswell, Antonia and Bharath, Anil Anthony},
  journal={IEEE transactions on neural networks and learning systems},
  volume={30},
  number={7},
  pages={1967--1974},
  year={2018},
  publisher={IEEE}
}

@misc{tov2021designing,
      title={Designing an Encoder for StyleGAN Image Manipulation}, 
      author={Omer Tov and Yuval Alaluf and Yotam Nitzan and Or Patashnik and Daniel Cohen-Or},
      year={2021},
      eprint={2102.02766},
      archivePrefix={arXiv},
      primaryClass={cs.CV}
}

@article{guan2020collaborative,
  title={Collaborative Learning for Faster StyleGAN Embedding},
  author={Guan, Shanyan and Tai, Ying and Ni, Bingbing and Zhu, Feida and Huang, Feiyue and Yang, Xiaokang},
  journal={arXiv preprint arXiv:2007.01758},
  year={2020}
}

@inproceedings{pidhorskyi2020adversarial,
  title={Adversarial Latent Autoencoders},
  author={Pidhorskyi, Stanislav and Adjeroh, Donald A and Doretto, Gianfranco},
  booktitle={Proceedings of the IEEE/CVF Conference on Computer Vision and Pattern Recognition},
  pages={14104--14113},
  year={2020}
}

@article{zhu2020domain,
  title={In-domain gan inversion for real image editing},
  author={Zhu, Jiapeng and Shen, Yujun and Zhao, Deli and Zhou, Bolei},
  journal={arXiv preprint arXiv:2004.00049},
  year={2020}
}

@article{roich2021pivotal,
  title={Pivotal Tuning for Latent-based Editing of Real Images},
  author={Roich, Daniel and Mokady, Ron and Bermano, Amit H and Cohen-Or, Daniel},
  journal={arXiv preprint arXiv:2106.05744},
  year={2021}
}

@InProceedings{alaluf2021restyle,
      author = {Alaluf, Yuval and Patashnik, Or and Cohen-Or, Daniel},
      title = {ReStyle: A Residual-Based StyleGAN Encoder via Iterative Refinement}, 
      month = {October},
      booktitle = {Proceedings of the IEEE/CVF International Conference on Computer Vision (ICCV)},  
      year = {2021}
}

% General

@inproceedings{aberman2019deep,
  title={Deep video-based performance cloning},
  author={Aberman, Kfir and Shi, Mingyi and Liao, Jing and Lischinski, Dani and Chen, Baoquan and Cohen-Or, Daniel},
  booktitle={Computer Graphics Forum},
  volume={38},
  number={2},
  pages={219--233},
  year={2019},
  organization={Wiley Online Library}
}

@inproceedings{chan2019everybody,
  title={Everybody dance now},
  author={Chan, Caroline and Ginosar, Shiry and Zhou, Tinghui and Efros, Alexei A},
  booktitle={Proceedings of the IEEE/CVF International Conference on Computer Vision},
  pages={5933--5942},
  year={2019}
}

@article{kim2018deep,
  title={Deep video portraits},
  author={Kim, Hyeongwoo and Garrido, Pablo and Tewari, Ayush and Xu, Weipeng and Thies, Justus and Niessner, Matthias and P{\'e}rez, Patrick and Richardt, Christian and Zollh{\"o}fer, Michael and Theobalt, Christian},
  journal={ACM Transactions on Graphics (TOG)},
  volume={37},
  number={4},
  pages={1--14},
  year={2018},
  publisher={ACM New York, NY, USA}
}

@inproceedings{nirkin2019fsgan,
  title={Fsgan: Subject agnostic face swapping and reenactment},
  author={Nirkin, Yuval and Keller, Yosi and Hassner, Tal},
  booktitle={Proceedings of the IEEE/CVF international conference on computer vision},
  pages={7184--7193},
  year={2019}
}

@inproceedings{liu2019liquid,
  title={Liquid warping gan: A unified framework for human motion imitation, appearance transfer and novel view synthesis},
  author={Liu, Wen and Piao, Zhixin and Min, Jie and Luo, Wenhan and Ma, Lin and Gao, Shenghua},
  booktitle={Proceedings of the IEEE/CVF International Conference on Computer Vision},
  pages={5904--5913},
  year={2019}
}

@inproceedings{chai2021ensembling,
  title={Ensembling with Deep Generative Views},
  author={Chai, Lucy and Zhu, Jun-Yan and Shechtman, Eli and Isola, Phillip and Zhang, Richard},
  booktitle={Proceedings of the IEEE/CVF Conference on Computer Vision and Pattern Recognition},
  pages={14997--15007},
  year={2021}
}

@inproceedings{chai2021latent,
	title={Using latent space regression to analyze and leverage compositionality in GANs.},
	author={Chai, Lucy and Wulff, Jonas and Isola, Phillip},
	booktitle={International Conference on Learning Representations},
	year={2021}
}

@article{Chen2021DeepFaceEditingDF,
  title={DeepFaceEditing: Deep Face Generation and Editing with Disentangled Geometry and Appearance Control},
  author={Shu-Yu Chen and Feng-Lin Liu and Yu-Kun Lai and Paul L. Rosin and Chunpeng Li and Hongbo Fu and Lin Gao},
  journal={ACM Trans. Graph.},
  year={2021},
  volume={40},
  pages={90:1-90:15}
}



@inproceedings{menon2020pulse,
  title={Pulse: Self-supervised photo upsampling via latent space exploration of generative models},
  author={Menon, Sachit and Damian, Alexandru and Hu, Shijia and Ravi, Nikhil and Rudin, Cynthia},
  booktitle={Proceedings of the ieee/cvf conference on computer vision and pattern recognition},
  pages={2437--2445},
  year={2020}
}

@inproceedings{zhu2017unpaired,
  title={Unpaired image-to-image translation using cycle-consistent adversarial networks},
  author={Zhu, Jun-Yan and Park, Taesung and Isola, Phillip and Efros, Alexei A},
  booktitle={Proceedings of the IEEE international conference on computer vision},
  pages={2223--2232},
  year={2017}
}

@article{gancraft_arxiv,
    title={{GANcraft: Unsupervised 3D Neural Rendering of Minecraft Worlds}},
    author={Zekun Hao and Arun Mallya and Serge Belongie and Ming-Yu Liu},
    journal={arXiv preprint arXiv:2104.07659},
    year={2021}
}

@misc{bau2021paint,
      title={Paint by Word}, 
      author={David Bau and Alex Andonian and Audrey Cui and YeonHwan Park and Ali Jahanian and Aude Oliva and Antonio Torralba},
      year={2021},
      eprint={2103.10951},
      archivePrefix={arXiv},
      primaryClass={cs.CV}
}

@inproceedings{hussein2020image,
  title={Image-adaptive GAN based reconstruction},
  author={Hussein, Shady Abu and Tirer, Tom and Giryes, Raja},
  booktitle={Proceedings of the AAAI Conference on Artificial Intelligence},
  volume={34},
  number={04},
  pages={3121--3129},
  year={2020}
}


@inproceedings{pan2020exploiting,
  title={Exploiting deep generative prior for versatile image restoration and manipulation},
  author={Pan, Xingang and Zhan, Xiaohang and Dai, Bo and Lin, Dahua and Loy, Chen Change and Luo, Ping},
  booktitle={European Conference on Computer Vision},
  pages={262--277},
  year={2020},
  organization={Springer}
}

@article{ha2016hypernetworks,
  title={Hypernetworks},
  author={Ha, David and Dai, Andrew and Le, Quoc V},
  journal={arXiv preprint arXiv:1609.09106},
  year={2016}
}

@inproceedings{nirkin2021hyperseg,
  title={Hyperseg: Patch-wise hypernetwork for real-time semantic segmentation},
  author={Nirkin, Yuval and Wolf, Lior and Hassner, Tal},
  booktitle={Proceedings of the IEEE/CVF Conference on Computer Vision and Pattern Recognition},
  pages={4061--4070},
  year={2021}
}

@article{spurek2021hyperpocket,
  title={HyperPocket: Generative Point Cloud Completion},
  author={Spurek, Przemys{\l}aw and Kasymov, Artur and Mazur, Marcin and Janik, Diana and Tadeja, S{\l}awomir and Struski, {\L}ukasz and Tabor, Jacek and Trzci{\'n}ski, Tomasz},
  journal={arXiv preprint arXiv:2102.05973},
  year={2021}
}

@article{jia2016dynamic,
  title={Dynamic filter networks},
  author={Jia, Xu and De Brabandere, Bert and Tuytelaars, Tinne and Gool, Luc V},
  journal={Advances in neural information processing systems},
  volume={29},
  pages={667--675},
  year={2016}
}

@article{zhang2018graph,
  title={Graph hypernetworks for neural architecture search},
  author={Zhang, Chris and Ren, Mengye and Urtasun, Raquel},
  journal={arXiv preprint arXiv:1810.05749},
  year={2018}
}

@article{von2019continual,
  title={Continual learning with hypernetworks},
  author={von Oswald, Johannes and Henning, Christian and Sacramento, Jo{\~a}o and Grewe, Benjamin F},
  journal={arXiv preprint arXiv:1906.00695},
  year={2019}
}

@inproceedings{littwin2019deep,
  title={Deep meta functionals for shape representation},
  author={Littwin, Gidi and Wolf, Lior},
  booktitle={Proceedings of the IEEE/CVF International Conference on Computer Vision},
  pages={1824--1833},
  year={2019}
}

@misc{he2015deep,
      title={Deep Residual Learning for Image Recognition}, 
      author={Kaiming He and Xiangyu Zhang and Shaoqing Ren and Jian Sun},
      year={2015},
      eprint={1512.03385},
      archivePrefix={arXiv},
      primaryClass={cs.CV}
}

@article{voynov2020unsupervised,
  title={Unsupervised Discovery of Interpretable Directions in the GAN Latent Space},
  author={Voynov, Andrey and Babenko, Artem},
  journal={arXiv preprint arXiv:2002.03754},
  year={2020}
}

@inproceedings{
wang2021a,
title={A Geometric Analysis of Deep Generative Image Models and Its Applications},
author={Binxu Wang and Carlos R Ponce},
booktitle={International Conference on Learning Representations},
year={2021},
url={https://openreview.net/forum?id=GH7QRzUDdXG}
}

@misc{kafri2021stylefusion,
      title={StyleFusion: A Generative Model for Disentangling Spatial Segments}, 
      author={Omer Kafri and Or Patashnik and Yuval Alaluf and Daniel Cohen-Or},
      year={2021},
      eprint={2107.07437},
      archivePrefix={arXiv},
      primaryClass={cs.CV}
}

@misc{chong2021retrieve,
      title={Retrieve in Style: Unsupervised Facial Feature Transfer and Retrieval}, 
      author={Min Jin Chong and Wen-Sheng Chu and Abhishek Kumar and David Forsyth},
      year={2021},
      eprint={2107.06256},
      archivePrefix={arXiv},
      primaryClass={cs.CV}
}

@misc{goetschalckx2019ganalyze,
    title={GANalyze: Toward Visual Definitions of Cognitive Image Properties},
    author={Lore Goetschalckx and Alex Andonian and Aude Oliva and Phillip Isola},
    eprint={1906.10112},
    archivePrefix={arXiv},
    primaryClass={cs.CV},
    year={2019}
}

@article{denton2019detecting,
  title={Detecting bias with generative counterfactual face attribute augmentation},
  author={Denton, Emily and Hutchinson, Ben and Mitchell, Margaret and Gebru, Timnit},
  journal={arXiv preprint arXiv:1906.06439},
  year={2019}
}

@misc{tewari2020pie,
      title={PIE: Portrait Image Embedding for Semantic Control}, 
      author={Ayush Tewari and Mohamed Elgharib and Mallikarjun B R. and Florian Bernard and Hans-Peter Seidel and Patrick Pérez and Michael Zollhöfer and Christian Theobalt},
      year={2020},
      eprint={2009.09485},
      archivePrefix={arXiv},
      primaryClass={cs.CV}
}

@article{tewari2020stylerig,
  title={StyleRig: Rigging StyleGAN for 3D Control over Portrait Images},
  author={Tewari, Ayush and Elgharib, Mohamed and Bharaj, Gaurav and Bernard, Florian and Seidel, Hans-Peter and P{\'e}rez, Patrick and Zollh{\"o}fer, Michael and Theobalt, Christian},
  journal={arXiv preprint arXiv:2004.00121},
  year={2020}
}

@article{jahanian2019steerability,
  title={On the''steerability" of generative adversarial networks},
  author={Jahanian, Ali and Chai, Lucy and Isola, Phillip},
  journal={arXiv preprint arXiv:1907.07171},
  year={2019}
}

@article{plumerault2020controlling,
  title={Controlling generative models with continuous factors of variations},
  author={Plumerault, Antoine and Borgne, Herv{\'e} Le and Hudelot, C{\'e}line},
  journal={arXiv preprint arXiv:2001.10238},
  year={2020}
}

@article{spingarn2020gan,
  title={GAN Steerability without optimization},
  author={Spingarn-Eliezer, Nurit and Banner, Ron and Michaeli, Tomer},
  journal={arXiv preprint arXiv:2012.05328},
  year={2020}
}

@inproceedings{collins2020editing,
  title={Editing in Style: Uncovering the Local Semantics of GANs},
  author={Collins, Edo and Bala, Raja and Price, Bob and Susstrunk, Sabine},
  booktitle={Proceedings of the IEEE/CVF Conference on Computer Vision and Pattern Recognition},
  pages={5771--5780},
  year={2020}
}

@misc{radford2021learning,
      title={Learning Transferable Visual Models From Natural Language Supervision}, 
      author={Alec Radford and Jong Wook Kim and Chris Hallacy and Aditya Ramesh and Gabriel Goh and Sandhini Agarwal and Girish Sastry and Amanda Askell and Pamela Mishkin and Jack Clark and Gretchen Krueger and Ilya Sutskever},
      year={2021},
      eprint={2103.00020},
      archivePrefix={arXiv},
      primaryClass={cs.CV}
}

@misc{kim2021exploiting,
      title={Exploiting Spatial Dimensions of Latent in GAN for Real-time Image Editing}, 
      author={Hyunsu Kim and Yunjey Choi and Junho Kim and Sungjoo Yoo and Youngjung Uh},
      year={2021},
      eprint={2104.14754},
      archivePrefix={arXiv},
      primaryClass={cs.CV}
}

@misc{perarnau2016invertible,
      title={Invertible Conditional GANs for image editing}, 
      author={Guim Perarnau and Joost van de Weijer and Bogdan Raducanu and Jose M. Álvarez},
      year={2016},
      eprint={1611.06355},
      archivePrefix={arXiv},
      primaryClass={cs.CV}
}

@inproceedings{luo2017learning,
  title={Learning inverse mapping by autoencoder based generative adversarial nets},
  author={Luo, Junyu and Xu, Yong and Tang, Chenwei and Lv, Jiancheng},
  booktitle={International Conference on Neural Information Processing},
  pages={207--216},
  year={2017},
  organization={Springer}
}

@misc{yeh2017semantic,
      title={Semantic Image Inpainting with Deep Generative Models}, 
      author={Raymond A. Yeh and Chen Chen and Teck Yian Lim and Alexander G. Schwing and Mark Hasegawa-Johnson and Minh N. Do},
      year={2017},
      eprint={1607.07539},
      archivePrefix={arXiv},
      primaryClass={cs.CV}
}

@misc{gu2020image,
      title={Image Processing Using Multi-Code GAN Prior}, 
      author={Jinjin Gu and Yujun Shen and Bolei Zhou},
      year={2020},
      eprint={1912.07116},
      archivePrefix={arXiv},
      primaryClass={cs.CV}
}

@misc{xia2021gan,
      title={GAN Inversion: A Survey}, 
      author={Weihao Xia and Yulun Zhang and Yujiu Yang and Jing-Hao Xue and Bolei Zhou and Ming-Hsuan Yang},
      year={2021},
      eprint={2101.05278},
      archivePrefix={arXiv},
      primaryClass={cs.CV}
}

@inproceedings{xia2021tedigan,
  title={TediGAN: Text-Guided Diverse Face Image Generation and Manipulation},
  author={Xia, Weihao and Yang, Yujiu and Xue, Jing-Hao and Wu, Baoyuan},
  booktitle={IEEE Conference on Computer Vision and Pattern Recognition (CVPR)},
  year={2021}
}

@inproceedings{
    yu2022generating,
    title={Generating Videos with Dynamics-aware Implicit Generative Adversarial Networks},
    author={Yu, Sihyun and Tack, Jihoon and Mo, Sangwoo and Kim, Hyunsu and Kim, Junho and Ha, Jung-Woo and Shin, Jinwoo},
    booktitle={Submitted to The Tenth International Conference on Learning Representations },
    year={2022},
    url={https://openreview.net/forum?id=Czsdv-S4-w9},
    note={under review}
}

@misc{yan2021videogpt,
      title={VideoGPT: Video Generation using VQ-VAE and Transformers}, 
      author={Wilson Yan and Yunzhi Zhang and Pieter Abbeel and Aravind Srinivas},
      year={2021},
      eprint={2104.10157},
      archivePrefix={arXiv},
      primaryClass={cs.CV}
}


@article{howard2017mobilenets,
  title={Mobilenets: Efficient convolutional neural networks for mobile vision applications},
  author={Howard, Andrew G and Zhu, Menglong and Chen, Bo and Kalenichenko, Dmitry and Wang, Weijun and Weyand, Tobias and Andreetto, Marco and Adam, Hartwig},
  journal={arXiv preprint arXiv:1704.04861},
  year={2017}
}

@misc{gal2021stylegannada,
      title={StyleGAN-NADA: CLIP-Guided Domain Adaptation of Image Generators}, 
      author={Rinon Gal and Or Patashnik and Haggai Maron and Gal Chechik and Daniel Cohen-Or},
      year={2021},
      eprint={2108.00946},
      archivePrefix={arXiv},
      primaryClass={cs.CV}
}

@inproceedings{zhang2018perceptual,
  title={The Unreasonable Effectiveness of Deep Features as a Perceptual Metric},
  author={Zhang, Richard and Isola, Phillip and Efros, Alexei A and Shechtman, Eli and Wang, Oliver},
  booktitle={CVPR},
  year={2018}
}

@misc{deng2019arcface,
      title={ArcFace: Additive Angular Margin Loss for Deep Face Recognition}, 
      author={Jiankang Deng and Jia Guo and Niannan Xue and Stefanos Zafeiriou},
      year={2019},
      eprint={1801.07698},
      archivePrefix={arXiv},
      primaryClass={cs.CV}
}

@inproceedings{huang2020curricularface,
  title={Curricularface: adaptive curriculum learning loss for deep face recognition},
  author={Huang, Yuge and Wang, Yuhan and Tai, Ying and Liu, Xiaoming and Shen, Pengcheng and Li, Shaoxin and Li, Jilin and Huang, Feiyue},
  booktitle={Proceedings of the IEEE/CVF Conference on Computer Vision and Pattern Recognition},
  pages={5901--5910},
  year={2020}
}

@misc{liu2015deep,
      title={Deep Learning Face Attributes in the Wild}, 
      author={Ziwei Liu and Ping Luo and Xiaogang Wang and Xiaoou Tang},
      year={2015},
      eprint={1411.7766},
      archivePrefix={arXiv},
      primaryClass={cs.CV}
}

@inproceedings{KrauseStarkDengFei-Fei_3DRR2013,
  title = {3D Object Representations for Fine-Grained Categorization},
  booktitle = {4th International IEEE Workshop on  3D Representation and Recognition (3dRR-13)},
  year = {2013},
  address = {Sydney, Australia},
  author = {Jonathan Krause and Michael Stark and Jia Deng and Li Fei-Fei}
}

@misc{yu2016lsun,
      title={LSUN: Construction of a Large-scale Image Dataset using Deep Learning with Humans in the Loop}, 
      author={Fisher Yu and Ari Seff and Yinda Zhang and Shuran Song and Thomas Funkhouser and Jianxiong Xiao},
      year={2016},
      eprint={1506.03365},
      archivePrefix={arXiv},
      primaryClass={cs.CV}
}

@misc{choi2020stargan,
      title={StarGAN v2: Diverse Image Synthesis for Multiple Domains}, 
      author={Yunjey Choi and Youngjung Uh and Jaejun Yoo and Jung-Woo Ha},
      year={2020},
      eprint={1912.01865},
      archivePrefix={arXiv},
      primaryClass={cs.CV}
}

@inproceedings{wang2003multiscale,
  title={Multiscale structural similarity for image quality assessment},
  author={Wang, Zhou and Simoncelli, Eero P and Bovik, Alan C},
  booktitle={The Thrity-Seventh Asilomar Conference on Signals, Systems \& Computers, 2003},
  volume={2},
  pages={1398--1402},
  year={2003},
  organization={Ieee}
}

@misc{wu2021stylealign,
      title={StyleAlign: Analysis and Applications of Aligned StyleGAN Models}, 
      author={Zongze Wu and Yotam Nitzan and Eli Shechtman and Dani Lischinski},
      year={2021},
      eprint={2110.11323},
      archivePrefix={arXiv},
      primaryClass={cs.CV}
}

@article{pinkney2020resolution,
author = {Pinkney, Justin N M and Adler, Doron},
journal = {arXiv preprint arXiv:2010.05334},
title = {{Resolution Dependant GAN Interpolation for Controllable Image Synthesis Between Domains}},
year = {2020}
}

@misc{zhu2021mind,
      title={Mind the Gap: Domain Gap Control for Single Shot Domain Adaptation for Generative Adversarial Networks}, 
      author={Peihao Zhu and Rameen Abdal and John Femiani and Peter Wonka},
      year={2021},
      eprint={2110.08398},
      archivePrefix={arXiv},
      primaryClass={cs.CV}
}

@InProceedings{Ruiz_2018_CVPR_Workshops,
author = {Ruiz, Nataniel and Chong, Eunji and Rehg, James M.},
title = {Fine-Grained Head Pose Estimation Without Keypoints},
booktitle = {The IEEE Conference on Computer Vision and Pattern Recognition (CVPR) Workshops},
month = {June},
year = {2018}
}

@inproceedings{rahaman2019spectral,
  title={On the spectral bias of neural networks},
  author={Rahaman, Nasim and Baratin, Aristide and Arpit, Devansh and Draxler, Felix and Lin, Min and Hamprecht, Fred and Bengio, Yoshua and Courville, Aaron},
  booktitle={International Conference on Machine Learning},
  pages={5301--5310},
  year={2019},
  organization={PMLR}
}

@misc{ojha2021fewshot,
      title={Few-shot Image Generation via Cross-domain Correspondence}, 
      author={Utkarsh Ojha and Yijun Li and Jingwan Lu and Alexei A. Efros and Yong Jae Lee and Eli Shechtman and Richard Zhang},
      year={2021},
      eprint={2104.06820},
      archivePrefix={arXiv},
      primaryClass={cs.CV}
}

@misc{rosinalitySG2,
  author = {Kim Seonghyeon},
  title = {StyleGAN2-pytorch},
  year = {2020},
  publisher = {GitHub},
  journal = {GitHub repository},
  howpublished = {\url{https://github.com/rosinality/stylegan2-pytorch}}
}

@misc{Ranger,
  author = {Wright, Less},
  title = {Ranger - a synergistic optimizer.},
  year = {2019},
  publisher = {GitHub},
  journal = {GitHub repository},
  howpublished = {\url{https://github.com/lessw2020/Ranger-Deep-Learning-Optimizer}}
}

@article{chen2020improved,
  title={Improved baselines with momentum contrastive learning},
  author={Chen, Xinlei and Fan, Haoqi and Girshick, Ross and He, Kaiming},
  journal={arXiv preprint arXiv:2003.04297},
  year={2020}
}

% broader impact

@misc{merler2019diversity,
      title={Diversity in Faces}, 
      author={Michele Merler and Nalini Ratha and Rogerio S. Feris and John R. Smith},
      year={2019},
      eprint={1901.10436},
      archivePrefix={arXiv},
      primaryClass={cs.CV}
}

@article{suwajanakorn2017synthesizing,
  title={Synthesizing obama: learning lip sync from audio},
  author={Suwajanakorn, Supasorn and Seitz, Steven M and Kemelmacher-Shlizerman, Ira},
  journal={ACM Transactions on Graphics (ToG)},
  volume={36},
  number={4},
  pages={1--13},
  year={2017},
  publisher={ACM New York, NY, USA}
}

@article{vaccari2020disinformation,
    author = {Cristian Vaccari and Andrew Chadwick},
    title ={Deepfakes and Disinformation: Exploring the Impact of Synthetic Political Video on Deception, Uncertainty, and Trust in News},
    journal = {Social Media + Society},
    volume = {6},
    number = {1},
    pages = {2056305120903408},
    year = {2020},
    doi = {10.1177/2056305120903408},

    URL = { 
        https://doi.org/10.1177/2056305120903408},
    eprint = { 
        https://doi.org/10.1177/2056305120903408}
}

@inproceedings{wang2019cnngenerated,
  title={CNN-generated images are surprisingly easy to spot...for now},
  author={Wang, Sheng-Yu and Wang, Oliver and Zhang, Richard and Owens, Andrew and Efros, Alexei A},
  booktitle={CVPR},
  year={2020}
}

@INPROCEEDINGS{mandelli2020training,
  author={Mandelli, Sara and Bonettini, Nicolò and Bestagini, Paolo and Tubaro, Stefano},
  booktitle={IEEE International Workshop on Information Forensics and Security (WIFS)}, 
  title={Training {CNNs} in Presence of {JPEG} Compression: Multimedia Forensics vs Computer Vision}, 
  year={2020},
  doi={10.1109/WIFS49906.2020.9360903}}
  
 @inproceedings{yao2021latent,
  title={A latent transformer for disentangled face editing in images and videos},
  author={Yao, Xu and Newson, Alasdair and Gousseau, Yann and Hellier, Pierre},
  booktitle={Proceedings of the IEEE/CVF International Conference on Computer Vision},
  pages={13789--13798},
  year={2021}
}

@inproceedings{mokady2019masked,
  title={Masked Based Unsupervised Content Transfer},
  author={Mokady, Ron and Benaim, Sagie and Wolf, Lior and Bermano, Amit},
  booktitle={International Conference on Learning Representations},
  year={2019}
}

@article{lample2017fader,
  title={Fader networks: Manipulating images by sliding attributes},
  author={Lample, Guillaume and Zeghidour, Neil and Usunier, Nicolas and Bordes, Antoine and Denoyer, Ludovic and Ranzato, Marc'Aurelio},
  journal={arXiv preprint arXiv:1706.00409},
  year={2017}
}

@inproceedings{choi2018stargan,
  title={Stargan: Unified generative adversarial networks for multi-domain image-to-image translation},
  author={Choi, Yunjey and Choi, Minje and Kim, Munyoung and Ha, Jung-Woo and Kim, Sunghun and Choo, Jaegul},
  booktitle={Proceedings of the IEEE conference on computer vision and pattern recognition},
  pages={8789--8797},
  year={2018}
}

@inproceedings{liu2019stgan,
  title={STGAN: A unified selective transfer network for arbitrary image attribute editing},
  author={Liu, Ming and Ding, Yukang and Xia, Min and Liu, Xiao and Ding, Errui and Zuo, Wangmeng and Wen, Shilei},
  booktitle={Proceedings of the IEEE/CVF Conference on Computer Vision and Pattern Recognition},
  pages={3673--3682},
  year={2019}
}

@article{he2019attgan,
  title={Attgan: Facial attribute editing by only changing what you want},
  author={He, Zhenliang and Zuo, Wangmeng and Kan, Meina and Shan, Shiguang and Chen, Xilin},
  journal={IEEE transactions on image processing},
  volume={28},
  number={11},
  pages={5464--5478},
  year={2019},
  publisher={IEEE}
}


@incollection{rav2008unwrap,
  title={Unwrap mosaics: A new representation for video editing},
  author={Rav-Acha, Alex and Kohli, Pushmeet and Rother, Carsten and Fitzgibbon, Andrew},
  booktitle={ACM SIGGRAPH 2008 papers},
  pages={1--11},
  year={2008}
}

@inproceedings{duong2019automatic,
  title={Automatic face aging in videos via deep reinforcement learning},
  author={Duong, Chi Nhan and Luu, Khoa and Quach, Kha Gia and Nguyen, Nghia and Patterson, Eric and Bui, Tien D and Le, Ngan},
  booktitle={Proceedings of the IEEE/CVF Conference on Computer Vision and Pattern Recognition},
  pages={10013--10022},
  year={2019}
}

@article{kim2018deep,
  title={Deep video portraits},
  author={Kim, Hyeongwoo and Garrido, Pablo and Tewari, Ayush and Xu, Weipeng and Thies, Justus and Niessner, Matthias and P{\'e}rez, Patrick and Richardt, Christian and Zollh{\"o}fer, Michael and Theobalt, Christian},
  journal={ACM Transactions on Graphics (TOG)},
  volume={37},
  number={4},
  pages={1--14},
  year={2018},
  publisher={ACM New York, NY, USA}
}

@article{averbuch2017bringing,
  title={Bringing portraits to life},
  author={Averbuch-Elor, Hadar and Cohen-Or, Daniel and Kopf, Johannes and Cohen, Michael F},
  journal={ACM Transactions on Graphics (TOG)},
  volume={36},
  number={6},
  pages={1--13},
  year={2017},
  publisher={ACM New York, NY, USA}
}

@article{fox2021stylevideogan,
  title={Stylevideogan: A temporal generative model using a pretrained stylegan},
  author={Fox, Gereon and Tewari, Ayush and Elgharib, Mohamed and Theobalt, Christian},
  journal={arXiv preprint arXiv:2107.07224},
  year={2021}
}

@article{skorokhodov2021stylegan,
  title={StyleGAN-V: A Continuous Video Generator with the Price, Image Quality and Perks of StyleGAN2},
  author={Skorokhodov, Ivan and Tulyakov, Sergey and Elhoseiny, Mohamed},
  journal={arXiv preprint arXiv:2112.14683},
  year={2021}
}

@article{tian2021good,
  title={A good image generator is what you need for high-resolution video synthesis},
  author={Tian, Yu and Ren, Jian and Chai, Menglei and Olszewski, Kyle and Peng, Xi and Metaxas, Dimitris N and Tulyakov, Sergey},
  journal={arXiv preprint arXiv:2104.15069},
  year={2021}
}

@inproceedings{xu2021continuity,
  title={From Continuity to Editability: Inverting GANs with Consecutive Images},
  author={Xu, Yangyang and Du, Yong and Xiao, Wenpeng and Xu, Xuemiao and He, Shengfeng},
  booktitle={Proceedings of the IEEE/CVF International Conference on Computer Vision},
  pages={13910--13918},
  year={2021}
}

@inproceedings{logacheva2020deeplandscape,
  title={Deeplandscape: Adversarial modeling of landscape videos},
  author={Logacheva, Elizaveta and Suvorov, Roman and Khomenko, Oleg and Mashikhin, Anton and Lempitsky, Victor},
  booktitle={European Conference on Computer Vision},
  pages={256--272},
  year={2020},
  organization={Springer}
}

@inproceedings{wang2021sketch,
  title={Sketch Your Own GAN},
  author={Wang, Sheng-Yu and Bau, David and Zhu, Jun-Yan},
  booktitle={Proceedings of the IEEE International Conference on Computer Vision},
  year={2021}
}

@article{alaluf2021hyperstyle,
  title={HyperStyle: StyleGAN Inversion with HyperNetworks for Real Image Editing},
  author={Alaluf, Yuval and Tov, Omer and Mokady, Ron and Gal, Rinon and Bermano, Amit H},
  journal={arXiv preprint arXiv:2111.15666},
  year={2021}
}

@inproceedings{Karras2020ada,
  title     = {Training Generative Adversarial Networks with Limited Data},
  author    = {Tero Karras and Miika Aittala and Janne Hellsten and Samuli Laine and Jaakko Lehtinen and Timo Aila},
  booktitle = {Proc. NeurIPS},
  year      = {2020}
}

@article{Kasten2021LayeredNA,
  title={Layered neural atlases for consistent video editing},
  author={Yoni Kasten and Dolev Ofri and Oliver Wang and Tali Dekel},
  journal={ACM Transactions on Graphics (TOG)},
  year={2021},
  volume={40},
  pages={1 - 12}
}

@misc{filmpac_filmpac_2017,
	title = {{FILMPAC} footage boutique library},
	url = {https://filmpac.com},
	author = {{FILMPAC}},
	year = {2017},
}

@article{Zhang2018TheUE,
  title={The Unreasonable Effectiveness of Deep Features as a Perceptual Metric},
  author={Richard Zhang and Phillip Isola and Alexei A. Efros and Eli Shechtman and Oliver Wang},
  journal={2018 IEEE/CVF Conference on Computer Vision and Pattern Recognition},
  year={2018},
  pages={586-595}
}

@article{yu2021bisenet,
  title={Bisenet v2: Bilateral network with guided aggregation for real-time semantic segmentation},
  author={Yu, Changqian and Gao, Changxin and Wang, Jingbo and Yu, Gang and Shen, Chunhua and Sang, Nong},
  journal={International Journal of Computer Vision},
  volume={129},
  number={11},
  pages={3051--3068},
  year={2021},
  publisher={Springer}
}
